<record><leader>00000cas a2200000 a 4500</leader><controlfield tag="001">27733268</controlfield><controlfield tag="008">930315d19841987cauir ne      0    0eng c</controlfield><datafield ind1=" " ind2=" " tag="010"><subfield code="a">sn 93053051 </subfield></datafield><datafield ind1=" " ind2=" " tag="040"><subfield code="a">CUY</subfield><subfield code="b">eng</subfield><subfield code="c">CNK</subfield><subfield code="d">OCLCQ</subfield><subfield code="d">CNK</subfield><subfield code="d">OCLCQ</subfield><subfield code="d">OCLCF</subfield><subfield code="d">OCLCO</subfield></datafield><datafield ind1="1" ind2=" " tag="029"><subfield code="a">AU@</subfield><subfield code="b">000020735094</subfield></datafield><datafield ind1=" " ind2=" " tag="042"><subfield code="a">pcc</subfield></datafield><datafield ind1=" " ind2=" " tag="043"><subfield code="a">n-us-ca</subfield></datafield><datafield ind1="0" ind2=" " tag="130"><subfield code="a">Mountain Democrat and Placerville times (Placerville, Calif. : 1984)</subfield></datafield><datafield ind1="1" ind2="0" tag="245"><subfield code="a">Mountain Democrat and Placerville times.</subfield></datafield><datafield ind1=" " ind2=" " tag="260"><subfield code="a">Placerville, Calif. :</subfield><subfield code="b">Mother Lode Print. and Pub. Co.</subfield></datafield><datafield ind1=" " ind2=" " tag="300"><subfield code="a">v.</subfield></datafield><datafield ind1=" " ind2=" " tag="310"><subfield code="a">Triweekly</subfield></datafield><datafield ind1="0" ind2=" " tag="362"><subfield code="a">Vol. 134, no. 115 (Oct. 1, 1984)-v. 137, no. 57 (May 15, 1987).</subfield></datafield><datafield ind1=" " ind2=" " tag="530"><subfield code="a">Master negatives are available for duplication from:</subfield><subfield code="b">California Newspaper Microfilm Archive;</subfield><subfield code="c">for further information consult the CNMA at:</subfield><subfield code="u">http://cbsr.ucr.edu</subfield></datafield><datafield ind1=" " ind2="0" tag="651"><subfield code="a">El Dorado County (Calif.)</subfield><subfield code="v">Newspapers.</subfield></datafield><datafield ind1=" " ind2="7" tag="655"><subfield code="a">Newspapers.</subfield><subfield code="2">fast</subfield><subfield code="0">(OCoLC)fst01423814</subfield></datafield><datafield ind1=" " ind2="7" tag="651"><subfield code="a">California</subfield><subfield code="z">El Dorado County.</subfield><subfield code="2">fast</subfield><subfield code="0">(OCoLC)fst01214431</subfield></datafield><datafield ind1=" " ind2=" " tag="752"><subfield code="a">United States</subfield><subfield code="b">California</subfield><subfield code="c">El Dorado</subfield><subfield code="d">Placerville.</subfield></datafield><datafield ind1="0" ind2="0" tag="780"><subfield code="t">Mountain Democrat and El Dorado news</subfield><subfield code="w">(DLC)sn 83007646</subfield></datafield><datafield ind1="0" ind2="0" tag="785"><subfield code="t">Mountain Democrat (Placerville, Calif. : 1987)</subfield><subfield code="w">(DLC)sn 93053052</subfield></datafield></record>